@article{Holmes:1998,
  author =	 {Holmes, David I.},
  title =	 {The Evolution of Stylometry in Humanities Scholarship},
  volume =	 13,
  number =	 3,
  pages =	 {111-117},
  year =	 1998,
  doi =		 {10.1093/llc/13.3.111},
  journal =	 {Literary and Linguistic Computing}
}

@ARTICLE{abbasi:2005,
  author =	 {Abbasi, A. and Hsinchun Chen},
  journal =	 {Intelligent Systems, IEEE},
  title =	 {Applying authorship analysis to extremist-group Web forum messages},
  year =	 2005,
  volume =	 20,
  number =	 5,
  pages =	 {67-75},
  doi =		 {10.1109/MIS.2005.81},
  ISSN =	 {1541-1672}
}

@misc{anderson:2017,
  title =	 {Reproducibility Project: Psychology},
  url =		 {osf.io/ezcuj},
  publisher =	 {Open Science Framework},
  author =	 {Anderson, Christopher J and Anderson, Joanna and van Assen, Marcel A L M and Attridge, Peter R and Attwood, Angela S and Axt, Jordan and Babel, Molly and Bahn{\'i}k, {}\v{S}t{\v{e}}p{\'e}n and Baranski, Erica and Barnett-Cowan, Michael and et al.},
  year =	 2017,
  month =	 {Jul}
}

@inproceedings{argamon:2011,
  author =	 {Shlomo Argamon and Patrick Juola},
  title =	 {Overview of the International Authorship Identification Competition at {PAN-2011}},
  booktitle =	 {{CLEF} 2011 Labs and Workshop, Notebook Papers, 19-22 September 2011, Amsterdam, The Netherlands},
  year =	 2011,
  url =		 {http://ceur-ws.org/Vol-1177/CLEF2011wn-PAN-ArgamonEt2011.pdf},
  timestamp =	 {Wed, 24 Sep 2014 16:55:04 +0200},
  biburl =	 {http://dblp.uni-trier.de/rec/bib/conf/clef/ArgamonJ11},
  bibsource =	 {dblp computer science bibliography, http://dblp.org}
}

@proceedings{arguello:2015,
  editor =	 {Jaime Arguello and Fernando Diaz and Jimmy Lin and Andrew Trotman},
  title =	 {SIGIR 2015 Workshop on Reproducibility, Inexplicability, and Generalizability of Results (RIGOR)},
  year =	 2015,
  month =	 aug
}

@inproceedings{armstrong:2009,
  author =	 {Armstrong, Timothy G. and Moffat, Alistair and Webber, William and Zobel, Justin},
  title =	 {Improvements That Don't Add Up: Ad-hoc Retrieval Results Since 1998},
  booktitle =	 {Proceedings of the 18th ACM Conference on Information and Knowledge Management},
  series =	 {CIKM'09},
  year =	 2009,
  isbn =	 {978-1-60558-512-3},
  location =	 {Hong Kong, China},
  pages =	 {601--610},
  numpages =	 10,
  doi =		 {10.1145/1645953.1646031},
  publisher =	 {ACM},
  address =	 {New York, NY, USA}
}

@inproceedings{arun:2009,
  author =	 {Arun, R. and Suresh, V. and Madhavan, C. E.  Veni},
  title =	 {Stopword Graphs and Authorship Attribution in Text Corpora},
  booktitle =	 {Proceedings of the 2009 IEEE International Conference on Semantic Computing},
  series =	 {ICSC '09},
  year =	 2009,
  isbn =	 {978-0-7695-3800-6},
  pages =	 {192--196},
  numpages =	 5,
  url =		 {http://dx.doi.org/10.1109/ICSC.2009.101},
  doi =		 {10.1109/ICSC.2009.101},
  acmid =	 1679886,
  publisher =	 {IEEE Computer Society},
  address =	 {Washington, DC, USA},
}

@article{benedetto:2002,
  title =	 {Language Trees and Zipping},
  author =	 {Benedetto, Dario and Caglioti, Emanuele and Loreto, Vittorio},
  journal =	 {Phys. Rev. Lett.},
  volume =	 88,
  issue =	 4,
  pages =	 048702,
  numpages =	 4,
  year =	 2002,
  month =	 {Jan},
  publisher =	 {American Physical Society},
  doi =		 {10.1103/PhysRevLett.88.048702},
  url =		 {http://link.aps.org/doi/10.1103/PhysRevLett.88.048702}
}

@article{blei:2003,
  author =	 {Blei, David M. and Ng, Andrew Y. and Jordan, Michael I.},
  title =	 {Latent Dirichlet Allocation},
  journal =	 {J. Mach. Learn. Res.},
  issue_date =	 {3/1/2003},
  volume =	 3,
  month =	 mar,
  year =	 2003,
  issn =	 {1532-4435},
  pages =	 {993--1022},
  numpages =	 30,
  url =		 {http://dl.acm.org/citation.cfm?id=944919.944937},
  acmid =	 944937,
  publisher =	 {JMLR.org},
}

@article{burrows:2002,
  author =	 {Burrows, John},
  title =	 {Delta: a Measure of Stylistic Difference and a Guide to Likely Authorship},
  volume =	 17,
  number =	 3,
  pages =	 {267-287},
  year =	 2002,
  doi =		 {10.1093/llc/17.3.267},
  journal =	 {Literary and Linguistic Computing}
}

@article{chang:2001,
  author =	 {Chih-Chung Chang and Chih-Jen Lin},
  title =	 {{LIBSVM: A Library for Support Vector Machines}},
  journal =	 {ACM Transactions on Intelligent Systems and Technology},
  volume =	 2,
  issue =	 3,
  year =	 2011,
  pages =	 {27:1--27:27},
  url =		 {\url{http://www.csie.ntu.edu.tw/~cjlin/libsvm}}
}

@TechReport{collberg:2015,
  author =	 {Christian Collberg and Todd Proebstring and {Alex M} Warren},
  institution =	 {University of Arizona},
  month =	 feb,
  number =	 {TR 14-04},
  title =	 {{Repeatability and Benefaction in Computer Systems Research: A Study and a Modest Proposal}},
  year =	 2015,
}

@article{devel:2001,
  author =	 {de Vel, O. and Anderson, A. and Corney, M. and Mohay, G.},
  title =	 {Mining e-Mail Content for Author Identification Forensics},
  journal =	 {SIGMOD Rec.},
  volume =	 30,
  number =	 4,
  month =	 dec,
  year =	 2001,
  issn =	 {0163-5808},
  pages =	 {55--64},
  url =		 {http://doi.acm.org/10.1145/604264.604272},
  doi =		 {10.1145/604264.604272},
  acmid =	 604272,
  publisher =	 {ACM},
  address =	 {New York, NY, USA},
}

@inproceedings{dibucio:2015,
  author =	 {Emanuele {Di Buccio} and {Giorgio Maria} {Di Nunzio} and Nicola Ferro and Donna Harman and Maria Maistro and Gianmaria Silvello},
  title =	 {{Unfolding Off-the-shelf IR Systems for Reproducibility}},
  editor =	 {J. Arguello and F. Diaz and J. Lin and A. Trotman},
  booktitle =	 {SIGIR Workshop on Reproducibility, Inexplicability, and Generalizability of Results (RIGOR)},
  year =	 2015
}

@inproceedings{escalante:2011,
  author =	 {Escalante, Hugo Jair and Solorio, Thamar and Montes-y-G\'{o}mez, Manuel},
  title =	 {Local Histograms of Character N-grams for Authorship Attribution},
  booktitle =	 {Proceedings of the 49th Annual Meeting of the Association for Computational Linguistics: Human Language Technologies - Volume 1},
  series =	 {HLT '11},
  year =	 2011,
  isbn =	 {978-1-932432-87-9},
  location =	 {Portland, Oregon},
  pages =	 {288--298},
  numpages =	 11,
  url =		 {http://dl.acm.org/citation.cfm?id=2002472.2002510},
  acmid =	 2002510,
  publisher =	 {Association for Computational Linguistics},
  address =	 {Stroudsburg, PA, USA},
}

@inproceedings{ferro:2015,
  author =	 {Nicola Ferro and Gianmaria Silvello},
  editor =	 {Allan Hanbury and Gabriella Kazai and Andreas Rauber and Norbert Fuhr},
  title =	 {Rank-Biased Precision Reloaded: Reproducibility and Generalization},
  booktitle =	 {Advances in Information Retrieval - 37th European Conference on {IR} Research, {ECIR} 2015, Vienna, Austria, March 29 - April 2, 2015.  Proceedings},
  series =	 {Lecture Notes in Computer Science},
  volume =	 9022,
  pages =	 {768--780},
  year =	 2015,
  url =		 {http://dx.doi.org/10.1007/978-3-319-16354-3\_83},
  doi =		 {10.1007/978-3-319-16354-3\_83},
}

@InProceedings{fokkens:2013,
  author =	 {Fokkens, Antske and van Erp, Marieke and Postma, Marten and Pedersen, Ted and Vossen, Piek and Freire, Nuno},
  title =	 {Offspring from Reproduction Problems: What Replication Failure Teaches Us},
  booktitle =	 {Proceedings of the 51st Annual Meeting of the Association for Computational Linguistics (Volume 1: Long Papers)},
  month =	 {August},
  year =	 2013,
  address =	 {Sofia, Bulgaria},
  publisher =	 {Association for Computational Linguistics},
  pages =	 {1691--1701},
  url =		 {http://www.aclweb.org/anthology/P13-1166}
}

@inproceedings{frery:2014,
  author =	 {Jordan Fr{\'{e}}ry and Christine Largeron and Mihaela Juganaru{-}Mathieu},
  editor =	 {Linda Cappellato and Nicola Ferro and Martin Halvey and Wessel Kraaij},
  title =	 {{UJM} at {CLEF} in Author Identification Notebook for {PAN} at {CLEF} 2014},
  booktitle =	 {Working Notes for {CLEF} 2014 Conference, Sheffield, UK, September 15-18, 2014.},
  series =	 {{CEUR} Workshop Proceedings},
  volume =	 1180,
  pages =	 {1042--1048},
  publisher =	 {CEUR-WS.org},
  year =	 2014,
  url =		 {http://ceur-ws.org/Vol-1180/CLEF2014wn-Pan-FreryEt2014.pdf},
  timestamp =	 {Mon, 30 May 2016 16:28:37 +0200},
  biburl =	 {http://dblp.uni-trier.de/rec/bib/conf/clef/FreryLM14},
  bibsource =	 {dblp computer science bibliography, http://dblp.org}
}

%%% AUTHOR IDENTIFICATION

@Inproceedings {gamon:2004,
  author =	 {Michael Gamon},
  publisher =	 {International Conference on Computational Linguistics},
  title =	 {Linguistic correlates of style: authorship classification with deep linguistic analysis features},
  booktitle =	 {Proceedings of the 42Nd Annual Meeting on Association for Computational Linguistics},
  url =		 {http://research.microsoft.com/apps/pubs/default.aspx?id=68964},
  year =	 2004,
}

@article{hall:2009,
  author =	 {Mark Hall and Eibe Frank and Geoffrey Holmes and Bernhard Pfahringer and Peter Reutemann and Ian H. Witten},
  title =	 {{The WEKA Data Mining Software: An Update}},
  journal =	 {SIGKDD Explorations},
  year =	 2009,
  volume =	 11,
  number =	 1,
  pages =	 {10--18},
  month =	 jul
}

@proceedings{hanbury:2015,
  editor =	 {Allan Hanbury and Gabriella Kazai and Andreas Rauber and Norbert Fuhr},
  title =	 {Advances in Information Retrieval - 37th European Conference on {IR} Research, {ECIR} 2015, Vienna, Austria, March 29 - April 2, 2015.  Proceedings},
  series =	 {Lecture Notes in Computer Science},
  volume =	 9022,
  year =	 2015,
  url =		 {http://dx.doi.org/10.1007/978-3-319-16354-3},
  doi =		 {10.1007/978-3-319-16354-3},
  isbn =	 {978-3-319-16353-6},
}

@inproceedings{hedegaard:2011,
  author =	 {Steffen Hedegaard and {Jakob Grue} Simonsen},
  title =	 {Lost in Translation: Authorship Attribution using Frame Semantics},
  booktitle =	 {The 49th Annual Meeting of the Association for Computational Linguistics: Human Language Technologies, Proceedings of the Conference, 19-24 June, 2011, Portland, Oregon, {USA} - Short Papers},
  pages =	 {65--70},
  publisher =	 {The Association for Computer Linguistics},
  year =	 2011,
  url =		 {http://www.aclweb.org/anthology/P11-2012}
}

@article{ionnadis:2005,
  author =	 {Ioannidis, John P. A.},
  journal =	 {PLOS Medicine},
  publisher =	 {Public Library of Science},
  title =	 {Why Most Published Research Findings Are False},
  year =	 2005,
  month =	 08,
  volume =	 2,
  url =		 {https://doi.org/10.1371/journal.pmed.0020124},
  abstract =	 {Published research findings are sometimes refuted by subsequent evidence, says Ioannidis, with ensuing confusion and disappointment.},
  number =	 8,
  doi =		 {10.1371/journal.pmed.0020124}
}

@inproceedings{jankowska:2014,
  author =	 {Magdalena Jankowska and Evangelos E. Milios and Vlado Keselj},
  editor =	 {Jan Hajic and Junichi Tsujii},
  title =	 {Author Verification Using Common N-Gram Profiles of Text Documents},
  booktitle =	 {{COLING} 2014, 25th International Conference on Computational Linguistics, Proceedings of the Conference: Technical Papers, August 23-29, 2014, Dublin, Ireland},
  pages =	 {387--397},
  publisher =	 {{ACL}},
  year =	 2014,
  url =		 {http://aclweb.org/anthology/C/C14/C14-1038.pdf},
  timestamp =	 {Mon, 06 Oct 2014 09:58:51 +0200},
  biburl =	 {http://dblp.uni-trier.de/rec/bib/conf/coling/JankowskaMK14},
  bibsource =	 {dblp computer science bibliography, http://dblp.org}
}

@article{juola:2008,
  volume =	 1,
  issue =	 3,
  author =	 {Patrick Juola},
  title =	 {{Authorship Attribution}},
  journal =	 {Foundations and Trends in Information Retrieval},
  pages =	 {234--334},
  year =	 2008
}

@inproceedings{juola:2012,
  author =	 {Patrick Juola},
  title =	 {An Overview of the Traditional Authorship Attribution Subtask},
  booktitle =	 {{CLEF} 2012 Evaluation Labs and Workshop, Online Working Notes, Rome, Italy, September 17-20, 2012},
  year =	 2012,
  url =		 {http://ceur-ws.org/Vol-1178/CLEF2012wn-PAN-Juola2012.pdf},
  timestamp =	 {Wed, 24 Sep 2014 16:55:04 +0200},
  biburl =	 {http://dblp.uni-trier.de/rec/bib/conf/clef/Juola12},
  bibsource =	 {dblp computer science bibliography, http://dblp.org}
}

@INPROCEEDINGS{juola:2013,
  author =	 {Patrick Juola and Efstathios Stamatatos},
  title =	 {Overview of the Author Identification Task at PAN-2013},
  booktitle =	 {Notebook Papers of CLEF 2013 LABs and Workshops (CLEF-2013)},
  year =	 2013,
  editor =	 {Tufis D. (Eds.) Forner P.},
}

@INPROCEEDINGS{keselj:2003,
  author =	 {Vlado Keselj and Fuchun Peng and Nick Cercone and Calvin Thomas},
  title =	 {N-gram-based author profiles for authorship attribution},
  year =	 2003,
  booktitle =	 {Proceedings of the Pacific Association for Computational Linguistics},
  pages =	 {255-264},
}

@inproceedings{khmelev:2003,
  author =	 {Khmelev, Dmitry V. and Teahan, William J.},
  title =	 {A Repetition Based Measure for Verification of Text Collections and for Text Categorization},
  booktitle =	 {Proceedings of the 26th Annual International ACM SIGIR Conference on Research and Development in Informaion Retrieval},
  series =	 {SIGIR '03},
  year =	 2003,
  isbn =	 {1-58113-646-3},
  location =	 {Toronto, Canada},
  pages =	 {104--110},
  numpages =	 7,
  doi =		 {10.1145/860435.860456},
  acmid =	 860456,
  publisher =	 {ACM},
  address =	 {New York, NY, USA},
}

@inproceedings{khonji:2014,
  author =	 {Mahmoud Khonji and Youssef Iraqi},
  editor =	 {Linda Cappellato and Nicola Ferro and Martin Halvey and Wessel Kraaij},
  title =	 {A Slightly-modified GI-based Author-verifier with Lots of Features {(ASGALF)}},
  booktitle =	 {Working Notes for {CLEF} 2014 Conference, Sheffield, UK, September 15-18, 2014.},
  series =	 {{CEUR} Workshop Proceedings},
  volume =	 1180,
  pages =	 {977--983},
  publisher =	 {CEUR-WS.org},
  year =	 2014,
  url =		 {http://ceur-ws.org/Vol-1180/CLEF2014wn-Pan-KonijEt2014.pdf},
  timestamp =	 {Mon, 30 May 2016 16:28:37 +0200},
  biburl =	 {http://dblp.uni-trier.de/rec/bib/conf/clef/KhonjiI14},
  bibsource =	 {dblp computer science bibliography, http://dblp.org}
}

@article{koppel:2007,
  author =	 {Koppel, Moshe and Schler, Jonathan and Bonchek-Dokow, Elisheva},
  title =	 {Measuring Differentiability: Unmasking Pseudonymous Authors},
  journal =	 {J. Mach. Learn. Res.},
  issue_date =	 {12/1/2007},
  volume =	 8,
  year =	 2007,
  issn =	 {1532-4435},
  pages =	 {1261--1276},
  numpages =	 16,
  acmid =	 1314541,
  publisher =	 {JMLR.org},
}

@article{koppel:2011,
  year =	 2011,
  journal =	 {Language Resources and Evaluation},
  volume =	 45,
  number =	 1,
  doi =		 {10.1007/s10579-009-9111-2},
  title =	 {Authorship attribution in the wild},
  url =		 {http://dx.doi.org/10.1007/s10579-009-9111-2},
  publisher =	 {Springer Netherlands},
  author =	 {Koppel, Moshe and Schler, Jonathan and Argamon, Shlomo},
  pages =	 {83-94},
}

@article{koppel:2014,
  author =	 {Moshe Koppel and Yaron Winter},
  title =	 {Determining if two documents are written by the same author},
  journal =	 {{JASIST}},
  volume =	 65,
  number =	 1,
  pages =	 {178--187},
  year =	 2014,
  url =		 {https://doi.org/10.1002/asi.22954},
  doi =		 {10.1002/asi.22954},
  timestamp =	 {Sun, 28 May 2017 13:23:00 +0200},
  biburl =	 {http://dblp.uni-trier.de/rec/bib/journals/jasis/KoppelW14},
  bibsource =	 {dblp computer science bibliography, http://dblp.org}
}

@inproceedings{lin:2015,
  title =	 {{The Open-Source Information Retrieval Reproducibility Challenge}},
  author =	 {Jimmy Lin},
  editor =	 {J. Arguello and F. Diaz and J. Lin and A. Trotman},
  booktitle =	 {SIGIR Workshop on Reproducibility, Inexplicability, and Generalizability of Results (RIGOR)},
  year =	 2015,
  url =		 {https://github.com/lintool/IR-Reproducibility}
}

@inproceedings{luyckx:2008,
  author =	 {Kim Luyckx and Walter Daelemans},
  editor =	 {Donia Scott and Hans Uszkoreit},
  title =	 {Authorship Attribution and Verification with Many Authors and Limited Data},
  booktitle =	 {{COLING} 2008, 22nd International Conference on Computational Linguistics, Proceedings of the Conference, 18-22 August 2008, Manchester, {UK}},
  pages =	 {513--520},
  year =	 2008,
  url =		 {http://www.aclweb.org/anthology/C08-1065},
  timestamp =	 {Fri, 04 Jun 2010 08:04:16 +0200},
  biburl =	 {http://dblp.uni-trier.de/rec/bib/conf/coling/LuyckxD08},
  bibsource =	 {dblp computer science bibliography, http://dblp.org}
}

@article{mendenhall:1887,
  author =	 {Mendenhall, T. C.},
  title =	 {The Characteristic Curves of Composition},
  volume =	 {ns-9},
  number =	 {214S},
  pages =	 {237-246},
  year =	 1887,
  doi =		 {10.1126/science.ns-9.214S.237},
  URL =		 {http://www.sciencemag.org/content/ns-9/214S/237.short},
  eprint =	 {http://www.sciencemag.org/content/ns-9/214S/237.full.pdf},
  journal =	 {Science}
}

@inproceedings{nasir:2014,
  author =	 {Jamal A. Nasir and Nico G{\"{o}}rnitz and Ulf Brefeld},
  editor =	 {Jan Hajic and Junichi Tsujii},
  title =	 {An Off-the-shelf Approach to Authorship Attribution},
  booktitle =	 {{COLING} 2014, 25th International Conference on Computational Linguistics, Proceedings of the Conference: Technical Papers, August 23-29, 2014, Dublin, Ireland},
  pages =	 {895--904},
  publisher =	 {{ACL}},
  year =	 2014,
  url =		 {http://aclweb.org/anthology/C/C14/C14-1085.pdf},
  timestamp =	 {Mon, 06 Oct 2014 09:58:51 +0200},
  biburl =	 {http://dblp.uni-trier.de/rec/bib/conf/coling/NasirGB14},
  bibsource =	 {dblp computer science bibliography, http://dblp.org}
}

@inproceedings{ounis:2006,
  author =	 {Ounis, I. and Amati, G. and Plachouras, V. and He, B. and Macdonald, C. and Lioma, C.},
  title =	 "{Terrier: A High Performance and Scalable Information Retrieval Platform}",
  booktitle =	 {Proceedings of ACM SIGIR'06 Workshop on Open Source Information Retrieval (OSIR 2006)},
  year =	 2006,
  location =	 {Seattle, Washington, USA}
}

@article{peng:2004,
  author =	 {Peng, Fuchun and Schuurmans, Dale and Wang, Shaojun},
  title =	 {Augmenting Naive Bayes Classifiers with Statistical Language Models},
  journal =	 {Inf. Retr.},
  issue_date =	 {September-December 2004},
  volume =	 7,
  number =	 {3-4},
  month =	 sep,
  year =	 2004,
  issn =	 {1386-4564},
  pages =	 {317--345},
  numpages =	 29,
  doi =		 {10.1023/B:INRT.0000011209.19643.e2},
  acmid =	 964610,
  publisher =	 {Kluwer Academic Publishers},
  address =	 {Hingham, MA, USA},
}

@ARTICLE{potthast:2015a,
  ADDRESS =	 {New York},
  AUTHOR =	 {Frank Hopfgartner and Allan Hanbury and Henning M{\"u}ller and Noriko Kando and Simon Mercer and Jayashree Kalpathy-Cramer and Martin Potthast and Tim Gollub and Anastasia Krithara and Jimmy Lin and Krisztian Balog and Ivan Eggel},
  DOI =		 {http://dx.doi.org/10.1145/2795403.2795416},
  ISSN =	 {0163-5840},
  JOURNAL =	 {SIGIR Forum},
  MONTH =	 jun,
  PAGES =	 {57-65},
  PUBLISHER =	 {ACM},
  TITLE =	 {{Report on the Evaluation-as-a-Service (EaaS) Expert Workshop}},
  VOLUME =	 49,
  NUMBER =	 1,
  URL =		 {http://sigir.org/forum/issues/june-2015/},
  YEAR =	 2015
}

@inproceedings{qian:2014,
  author =	 {Tieyun Qian and Bing Liu and Li Chen and Zhiyong Peng},
  title =	 {Tri-Training for Authorship Attribution with Limited Training Data},
  booktitle =	 {Proceedings of the 52nd Annual Meeting of the Association for Computational Linguistics, {ACL} 2014, June 22-27, 2014, Baltimore, MD, USA, Volume 2: Short Papers},
  pages =	 {345--351},
  publisher =	 {The Association for Computer Linguistics},
  year =	 2014,
  url =		 {http://aclweb.org/anthology/P/P14/P14-2057.pdf},
  timestamp =	 {Sun, 20 Jul 2014 18:08:30 +0200},
  biburl =	 {http://dblp.uni-trier.de/rec/bib/conf/acl/QianLCP14},
  bibsource =	 {dblp computer science bibliography, http://dblp.org}
}

@article{qian:2016,
  author =	 {Tieyun Qian and Bing Liu and Li Chen and Zhiyong Peng and Ming Zhong and Guoliang He and Xuhui Li and Gang Xu},
  title =	 {Tri-Training for authorship attribution with limited training data: a comprehensive study},
  journal =	 {Neurocomputing},
  volume =	 171,
  pages =	 {798--806},
  year =	 2016,
  url =		 {https://doi.org/10.1016/j.neucom.2015.07.064},
  doi =		 {10.1016/j.neucom.2015.07.064},
  timestamp =	 {Sat, 20 May 2017 00:25:05 +0200},
  biburl =	 {http://dblp.uni-trier.de/rec/bib/journals/ijon/QianLCP0HLX16},
  bibsource =	 {dblp computer science bibliography, http://dblp.org}
}

@inproceedings{raghavan:2010,
  author =	 {Sindhu Raghavan and Adriana Kovashka and Raymond J. Mooney},
  title =	 {Authorship Attribution Using Probabilistic Context-Free Grammars},
  booktitle =	 {{ACL} 2010, Proceedings of the 48th Annual Meeting of the Association for Computational Linguistics, July 11-16, 2010, Uppsala, Sweden, Short Papers},
  pages =	 {38--42},
  publisher =	 {The Association for Computer Linguistics},
  year =	 2010,
  url =		 {http://www.aclweb.org/anthology/P10-2008},
  timestamp =	 {Tue, 18 Jan 2011 12:57:28 +0100},
  biburl =	 {http://dblp.uni-trier.de/rec/bib/conf/acl/RaghavanKM10},
  bibsource =	 {dblp computer science bibliography, http://dblp.org}
}

@INPROCEEDINGS{rangel:2015,
  AUTHOR =	 {Rangel,Francisco and Rosso, Paolo and Celli, Fabio and Potthast, Martin and Stein, Benno and Daelemans, Walter},
  BOOKTITLE =	 {Notebook Papers of CLEF 2015 Evaluation Labs, CEUR Workshop Proceedings},
  TITLE =	 {Overview of the 3rd author profiling task at PAN 2015},
  YEAR =	 2015
}

@article{rudman:1998,
  year =	 1997,
  issn =	 {0010-4817},
  journal =	 {Computers and the Humanities},
  volume =	 31,
  number =	 4,
  doi =		 {10.1023/A:1001018624850},
  title =	 {The State of Authorship Attribution Studies: Some Problems and Solutions},
  url =		 {http://dx.doi.org/10.1023/A\%3A1001018624850},
  publisher =	 {Kluwer Academic Publishers},
  keywords =	 {authorship attribution; statistics; stylistics},
  author =	 {Rudman, Joseph},
  pages =	 {351-365},
  language =	 {English}
}

@article{savoy:2013,
  author =	 {Jacques Savoy},
  title =	 {Authorship attribution based on a probabilistic topic model},
  journal =	 {Inf. Process. Manage.},
  volume =	 49,
  number =	 1,
  pages =	 {341--354},
  year =	 2013,
  url =		 {https://doi.org/10.1016/j.ipm.2012.06.003},
  doi =		 {10.1016/j.ipm.2012.06.003}
}

@inproceedings{schwartz:2013,
  author =	 {Roy Schwartz and Oren Tsur and Ari Rappoport and Moshe Koppel},
  title =	 {Authorship Attribution of Micro-Messages},
  booktitle =	 {Proceedings of the 2013 Conference on Empirical Methods in Natural Language Processing, {EMNLP} 2013, 18-21 October 2013, Grand Hyatt Seattle, Seattle, Washington, USA, {A} meeting of SIGDAT, a Special Interest Group of the {ACL}},
  pages =	 {1880--1891},
  publisher =	 {{ACL}},
  year =	 2013,
  url =		 {http://aclweb.org/anthology/D/D13/D13-1193.pdf},
  timestamp =	 {Fri, 22 Nov 2013 12:57:23 +0100},
  biburl =	 {http://dblp.uni-trier.de/rec/bib/conf/emnlp/SchwartzTRK13},
  bibsource =	 {dblp computer science bibliography, http://dblp.org}
}

@inproceedings{seroussi:2012,
  author =	 {Seroussi, Yanir and Bohnert, Fabian and Zukerman, Ingrid},
  title =	 {Authorship Attribution with Author-aware Topic Models},
  booktitle =	 {Proceedings of the 50th Annual Meeting of the Association for Computational Linguistics: Short Papers - Volume 2},
  series =	 {ACL '12},
  year =	 2012,
  location =	 {Jeju Island, Korea},
  pages =	 {264--269},
  numpages =	 6,
  url =		 {http://dl.acm.org/citation.cfm?id=2390665.2390728},
  acmid =	 2390728,
  publisher =	 {Association for Computational Linguistics},
  address =	 {Stroudsburg, PA, USA},
}

@article{sidorov:2014,
  author =	 {Sidorov, Grigori and Velasquez, Francisco and Stamatatos, Efstathios and Gelbukh, Alexander and Chanona-Hern\'{a}ndez, Liliana},
  title =	 {Syntactic N-grams As Machine Learning Features for Natural Language Processing},
  journal =	 {Expert Syst. Appl.},
  issue_date =	 {February, 2014},
  volume =	 41,
  number =	 3,
  month =	 feb,
  year =	 2014,
  issn =	 {0957-4174},
  pages =	 {853--860},
  numpages =	 8,
  url =		 {http://dx.doi.org/10.1016/j.eswa.2013.08.015},
  doi =		 {10.1016/j.eswa.2013.08.015},
  acmid =	 2538087,
  publisher =	 {Pergamon Press, Inc.},
  address =	 {Tarrytown, NY, USA},
}

@article{stamatatos:2000,
  author =	 {Stamatatos, Efstathios and Fakotakis, Nikos and Kokkinakis, George},
  title =	 {Automatic Text Categorization in Terms of Genre and Author},
  journal =	 {Comput. Linguist.},
  issue_date =	 {December 2000},
  volume =	 26,
  number =	 4,
  year =	 2000,
  issn =	 {0891-2017},
  pages =	 {471--495},
  numpages =	 25,
  doi =		 {10.1162/089120100750105920},
  acmid =	 971883,
  publisher =	 {MIT Press},
  address =	 {Cambridge, MA, USA},
}

@article{stamatatos:2006,
  author =	 {Efstathios Stamatatos},
  title =	 {Authorship Attribution Based on Feature Set Subspacing Ensembles},
  journal =	 {Int. Journal on Artificial Intelligence Tools},
  volume =	 15,
  number =	 5,
  year =	 2006,
  pages =	 {823--838},
  publisher =	 {World Scientific},
}

@inproceedings{stamatatos:2007,
  author =	 {Stamatatos, Efstathios},
  title =	 {Author Identification Using Imbalanced and Limited Training Texts},
  booktitle =	 {Proceedings of the 18th International Conference on Database and Expert Systems Applications},
  series =	 {DEXA '07},
  year =	 2007,
  isbn =	 {0-7695-2932-1},
  pages =	 {237--241},
  numpages =	 5,
  url =		 {http://dx.doi.org/10.1109/DEXA.2007.41},
  doi =		 {10.1109/DEXA.2007.41},
  acmid =	 1302639,
  publisher =	 {IEEE Computer Society},
  address =	 {Washington, DC, USA}
}

@article{stamatatos:2009,
  volume =	 60,
  issue =	 3,
  author =	 {Efstathios Stamatatos},
  title =	 {{A Survey of Modern Authorship Attribution Methods}},
  journal =	 {Journal of the American Society for Information Science and Technology},
  pages =	 {538--556},
  year =	 2009
}

@article{stamatatos:2013,
  volume =	 21,
  issue =	 2,
  author =	 {Efstathios Stamatatos},
  title =	 {{On the robustness of authorship attribution based on character n-gram features}},
  journal =	 {Journal of Law and Policy},
  pages =	 {421--439},
  year =	 2013
}

@inproceedings{stamatatos:2014,
  author =	 {Efstathios Stamatatos and Walter Daelemans and Ben Verhoeven and Benno Stein and Martin Potthast and Patrick Juola and Miguel A. S{\'{a}}nchez{-}P{\'{e}}rez and Alberto Barr{\'{o}}n{-}Cede{\~{n}}o},
  title =	 {Overview of the Author Identification Task at {PAN} 2014},
  booktitle =	 {Working Notes for {CLEF} 2014 Conference, Sheffield, UK, September 15-18, 2014.},
  pages =	 {877--897},
  year =	 2014
}

@INPROCEEDINGS{stein:2015b,
  ADDRESS =	 {Berlin Heidelberg New York},
  AUTHOR =	 {Matthias Hagen and Martin Potthast and Michel B{\"u}chner and Benno Stein},
  BOOKTITLE =	 {Advances in Information Retrieval. 37th European Conference on IR Resarch (ECIR 15)},
  DOI =		 {http://dx.doi.org/10.1007/978-3-319-16354-3\_81},
  MONTH =	 mar,
  PAGES =	 {513-525},
  PUBLISHER =	 {Springer},
  SERIES =	 {Lecture Notes in Computer Science},
  SITE =	 {Vienna, Austria},
  TITLE =	 {{Twitter Sentiment Detection via Ensemble Classification Using Averaged Confidence Scores}},
  VOLUME =	 9022,
  YEAR =	 2015
}

@article{stodden:2010,
  title =	 {{The Scientific Method in Practice: Reproducibility in the Computational Sciences}},
  author =	 {Stodden, Victoria},
  year =	 2010,
  publisher =	 {MIT Sloan research paper}
}

@article{tax:2015,
  title =	 {{A Cross-benchmark Comparison of 87 Learning to Rank Methods}},
  journal =	 "Information Processing \& Management ",
  volume =	 51,
  number =	 6,
  pages =	 "757 - 772",
  year =	 2015,
  issn =	 "0306-4573",
  doi =		 "http://dx.doi.org/10.1016/j.ipm.2015.07.002",
  url =		 "http://www.sciencedirect.com/science/article/pii/S0306457315000862",
  author =	 "Niek Tax and Sander Bockting and Djoerd Hiemstra",
}

@incollection{teahan:2003,
  year =	 2003,
  isbn =	 {978-90-481-6263-5},
  booktitle =	 {Language Modeling for Information Retrieval},
  volume =	 13,
  series =	 {The Springer International Series on Information Retrieval},
  editor =	 {Croft, W.Bruce and Lafferty, John},
  doi =		 {10.1007/978-94-017-0171-6\_7},
  title =	 {Using Compression-Based Language Models for Text Categorization},
  publisher =	 {Springer Netherlands},
  author =	 {Teahan, WilliamJ. and Harper, DavidJ.},
  pages =	 {141-165},
}

@inproceedings{tschuggnall:2014,
  author =	 {Michael Tschuggnall and G{\"{u}}nther Specht},
  editor =	 {Gosse Bouma and Yannick Parmentier},
  title =	 {Enhancing Authorship Attribution By Utilizing Syntax Tree Profiles},
  booktitle =	 {Proceedings of the 14th Conference of the European Chapter of the Association for Computational Linguistics, {EACL} 2014, April 26-30, 2014, Gothenburg, Sweden},
  pages =	 {195--199},
  publisher =	 {The Association for Computer Linguistics},
  year =	 2014,
  url =		 {http://aclweb.org/anthology/E/E14/E14-4038.pdf},
  timestamp =	 {Thu, 17 Aug 2017 17:55:38 +0200},
  biburl =	 {http://dblp.uni-trier.de/rec/bib/conf/eacl/TschuggnallS14},
  bibsource =	 {dblp computer science bibliography, http://dblp.org}
}

@inproceedings{vanhalteren:2004,
  author =	 {van Halteren, Hans},
  title =	 {Linguistic Profiling for Author Recognition and Verification},
  booktitle =	 {Proceedings of the 42Nd Annual Meeting on Association for Computational Linguistics},
  series =	 {ACL '04},
  year =	 2004,
  location =	 {Barcelona, Spain},
  articleno =	 199,
  doi =		 {10.3115/1218955.1218981},
  acmid =	 1218981,
  publisher =	 {Association for Computational Linguistics},
  address =	 {Stroudsburg, PA, USA},
}

@inproceedings{zhang:2006,
  author =	 {Dell Zhang and Wee Sun Lee},
  editor =	 {Tina Eliassi{-}Rad and Lyle H. Ungar and Mark Craven and Dimitrios Gunopulos},
  title =	 {Extracting key-substring-group features for text classification},
  booktitle =	 {Proceedings of the Twelfth {ACM} {SIGKDD} International Conference on Knowledge Discovery and Data Mining, Philadelphia, PA, USA, August 20-23, 2006},
  pages =	 {474--483},
  publisher =	 {{ACM}},
  year =	 2006,
  url =		 {http://doi.acm.org/10.1145/1150402.1150455},
  doi =		 {10.1145/1150402.1150455},
  timestamp =	 {Wed, 20 Dec 2006 14:06:10 +0100},
  biburl =	 {http://dblp.uni-trier.de/rec/bib/conf/kdd/ZhangL06},
  bibsource =	 {dblp computer science bibliography, http://dblp.org}
}

@article{zheng:2006,
  author =	 {Zheng, Rong and Li, Jiexun and Chen, Hsinchun and Huang, Zan},
  title =	 {A Framework for Authorship Identification of Online Messages: Writing-style Features and Classification Techniques},
  journal =	 {J. Am. Soc. Inf. Sci. Technol.},
  volume =	 57,
  number =	 3,
  year =	 2006,
  issn =	 {1532-2882},
  pages =	 {378--393},
  numpages =	 16,
  doi =		 {10.1002/asi.v57:3},
  acmid =	 1115669,
  publisher =	 {John Wiley \& Sons, Inc.},
  address =	 {New York, NY, USA},
}
